<?xml version="1.0" encoding="utf-8"?>
<record xmlns="http://www.loc.gov/MARC21/slim" xmlns:xsi="http://www.w3.org/2001/XMLSchema-instance" xsi:schemaLocation="http://www.loc.gov/MARC21/slim http://www.loc.gov/standards/marcxml/schema/MARC21slim.xsd">
	<leader>     nam a22        4500</leader>
	<controlfield tag="001">3071186</controlfield>
	<controlfield tag="003">NNC</controlfield>
	<controlfield tag="006">m        d        </controlfield>
	<controlfield tag="007">cr cn |||m|||a</controlfield>
	<controlfield tag="008">150603s1893    ua      o     000 0 arard</controlfield>
	<datafield ind1=" " ind2=" " tag="040">
		<subfield code="a">NNU</subfield>
		<subfield code="b">eng</subfield>
		<subfield code="e">rda</subfield>
		<subfield code="c">NNU</subfield>
	</datafield>
	<datafield ind1=" " ind2=" " tag="043">
		<subfield code="a">aw-----</subfield>
		<subfield code="a">ff-----</subfield>
		<subfield code="a">e-sp---</subfield>
	</datafield>
	<datafield ind1=" " ind2=" " tag="090">
		<subfield code="a">D16.7</subfield>
		<subfield code="b">.I23 1893</subfield>
	</datafield>
	<datafield ind1="0" ind2=" " tag="100">
		<subfield code="6">880-01</subfield>
		<subfield code="a">Ibn Khaldūn,</subfield>
		<subfield code="d">1332-1406.</subfield>
	</datafield>
	<datafield ind1="1" ind2="0" tag="240">
		<subfield code="6">880-02</subfield>
		<subfield code="a">Kitāb al-ʻibar.</subfield>
		<subfield code="p">Muqaddimah</subfield>
	</datafield>
	<datafield ind1="1" ind2="3" tag="245">
		<subfield code="6">880-03</subfield>
		<subfield code="a">al-Muqaddimah :</subfield>
		<subfield code="b">al-juzʼ al-awwal min Kitāb al-ʻibar wa-dīwān al-mubtadaʼ wa-al-khabar fī ayyām al-ʻArab wa-al-ʻAjam wa-al-Barbar wa-man ʻāṣarahum min dhawī al-sulṭān al-akbar wa-huwa tārīkh waḥīd ʻaṣrihi al-ʻallāmah ʻAbd al-Raḥmān Ibn Khaldūn al-Maghribī /</subfield>
		<subfield code="c">li-Ibn Khaldūn. Wa-bi-hāmishihi Sirāj al-mulūk / li-Abī Bakr Muḥammad ibn Muḥammad ibn al-Walīd al-Fihrī al-Ṭurṭūshī al-Mālikī.</subfield>
	</datafield>
	<datafield ind1=" " ind2=" " tag="250">
		<subfield code="6">880-04</subfield>
		<subfield code="a">al-Ṭabʻah 1.</subfield>
	</datafield>
	<datafield ind1=" " ind2=" " tag="260">
		<subfield code="6">880-05</subfield>
		<subfield code="a">[Cairo] :</subfield>
		<subfield code="b">al-Maṭbaʻah al-Azharīyah al-Miṣrīyah,</subfield>
		<subfield code="c">1311 [1893 or 1894]</subfield>
	</datafield>
	<datafield ind1=" " ind2=" " tag="300">
		<subfield code="a">online resource (8, 396 pages)</subfield>
	</datafield>
	<datafield ind1=" " ind2=" " tag="336">
		<subfield code="a">text</subfield>
		<subfield code="2">rdacontent</subfield>
	</datafield>
	<datafield ind1=" " ind2=" " tag="337">
		<subfield code="a">computer</subfield>
		<subfield code="2">rdamedia</subfield>
	</datafield>
	<datafield ind1=" " ind2=" " tag="338">
		<subfield code="a">online resource</subfield>
		<subfield code="2">rdacarrier</subfield>
	</datafield>
	<datafield ind1=" " ind2=" " tag="500">
		<subfield code="a">Part of the Arabic Collections Online (ACO) project, contributed by Columbia University Libraries.</subfield>
	</datafield>
	<datafield ind1=" " ind2=" " tag="533">
		<subfield code="a">Electronic reproduction.</subfield>
		<subfield code="b">New York, N.Y. :</subfield>
		<subfield code="c">New York University,</subfield>
		<subfield code="d">2015.</subfield>
		<subfield code="5">NNU</subfield>
	</datafield>
	<datafield ind1=" " ind2="0" tag="650">
		<subfield code="a">World history</subfield>
		<subfield code="v">Early works to 1800.</subfield>
	</datafield>
	<datafield ind1=" " ind2="0" tag="650">
		<subfield code="a">Civilization</subfield>
		<subfield code="v">Early works to 1800.</subfield>
	</datafield>
	<datafield ind1=" " ind2="0" tag="650">
		<subfield code="a">Education of princes.</subfield>
	</datafield>
	<datafield ind1=" " ind2="0" tag="651">
		<subfield code="a">Islamic Empire</subfield>
		<subfield code="x">Kings and rulers</subfield>
		<subfield code="v">Early works to 1800.</subfield>
	</datafield>
	<datafield ind1=" " ind2="0" tag="650">
		<subfield code="a">Islam and politics.</subfield>
	</datafield>
	<datafield ind1=" " ind2="7" tag="650">
		<subfield code="a">Civilization.</subfield>
		<subfield code="2">fast</subfield>
		<subfield code="0">(OCoLC)fst00862898</subfield>
	</datafield>
	<datafield ind1=" " ind2="7" tag="650">
		<subfield code="a">Education of princes.</subfield>
		<subfield code="2">fast</subfield>
		<subfield code="0">(OCoLC)fst00902875</subfield>
	</datafield>
	<datafield ind1=" " ind2="7" tag="650">
		<subfield code="a">Islam and politics.</subfield>
		<subfield code="2">fast</subfield>
		<subfield code="0">(OCoLC)fst00979879</subfield>
	</datafield>
	<datafield ind1=" " ind2="7" tag="650">
		<subfield code="a">Kings and rulers.</subfield>
		<subfield code="2">fast</subfield>
		<subfield code="0">(OCoLC)fst00987694</subfield>
	</datafield>
	<datafield ind1=" " ind2="7" tag="650">
		<subfield code="a">World history.</subfield>
		<subfield code="2">fast</subfield>
		<subfield code="0">(OCoLC)fst01181345</subfield>
	</datafield>
	<datafield ind1=" " ind2="7" tag="651">
		<subfield code="a">Islamic Empire.</subfield>
		<subfield code="2">fast</subfield>
		<subfield code="0">(OCoLC)fst01244134</subfield>
	</datafield>
	<datafield ind1=" " ind2="7" tag="655">
		<subfield code="a">Early works.</subfield>
		<subfield code="2">fast</subfield>
		<subfield code="0">(OCoLC)fst01411636</subfield>
	</datafield>
	<datafield ind1="1" ind2="2" tag="700">
		<subfield code="6">880-06</subfield>
		<subfield code="a">Ṭurṭūshī, Muḥammad ibn al-Walīd,</subfield>
		<subfield code="d">1059 or 1060-1126 or 1127.</subfield>
		<subfield code="t">Sirāj al-mulūk.</subfield>
	</datafield>
	<datafield ind1="2" ind2=" " tag="710">
		<subfield code="a">Columbia University.</subfield>
		<subfield code="b">Libraries.</subfield>
	</datafield>
	<datafield ind1="0" ind2=" " tag="730">
		<subfield code="a">Arabic Collections Online.</subfield>
	</datafield>
	<datafield ind1="0" ind2=" " tag="740">
		<subfield code="6">880-07</subfield>
		<subfield code="a">Sirāj al-mulūk.</subfield>
	</datafield>
	<datafield ind1="0" ind2="8" tag="776">
		<subfield code="i">Print version:</subfield>
		<subfield code="a">Ibn Khaldūn, 1332-1406.</subfield>
		<subfield code="t">al-Muqaddimah</subfield>
		<subfield code="w">(NNC)3071186</subfield>
		<subfield code="w">(OCoLC)30927725</subfield>
	</datafield>
	<datafield ind1="4" ind2="0" tag="856">
		<subfield code="u">http://hdl.handle.net/2333.1/189321qj</subfield>
	</datafield>
	<datafield ind1="0" ind2=" " tag="880">
		<subfield code="6">100-01/r</subfield>
		<subfield code="a">ابن خلدون،</subfield>
		<subfield code="d">1332-1406.</subfield>
	</datafield>
	<datafield ind1="1" ind2="0" tag="880">
		<subfield code="6">240-02/r</subfield>
		<subfield code="a">كتاب العبر.</subfield>
		<subfield code="p">مقدمة</subfield>
	</datafield>
	<datafield ind1="1" ind2="2" tag="880">
		<subfield code="6">245-03/r</subfield>
		<subfield code="a">المقدمة :</subfield>
		<subfield code="b">الجزء الاول من كتاب العبر وديوان المبتدأ والخبر في ايام العرب والعجم والبربر ومن عاصرهم من ذوي السلطان الاكبر وهو تاريخ وحيد عصره العلامة عبد الرحمن ابن خلدون المغربي /</subfield>
		<subfield code="c">لاابن خلدون. وبهامشه سراج الملوك / لابي بكر محمد بن محمد بن الوليد الفهري الطرطوشي المالي.</subfield>
	</datafield>
	<datafield ind1=" " ind2=" " tag="880">
		<subfield code="6">250-04/r</subfield>
		<subfield code="a">الطبعة ١.</subfield>
	</datafield>
	<datafield ind1=" " ind2=" " tag="880">
		<subfield code="6">260-05/r</subfield>
		<subfield code="a">[القاهرة] :</subfield>
		<subfield code="b">المطبعة الأزهرية المصرية،</subfield>
		<subfield code="c">١٣١١.</subfield>
	</datafield>
	<datafield ind1="1" ind2="2" tag="880">
		<subfield code="6">700-06/r</subfield>
		<subfield code="a">طرطوشي، محمد بن الوليد.</subfield>
		<subfield code="t">سراج الملوك.</subfield>
	</datafield>
	<datafield ind1="0" ind2=" " tag="880">
		<subfield code="6">740-07/r</subfield>
		<subfield code="a">سراج الملوك.</subfield>
	</datafield>
	<datafield ind1=" " ind2=" " tag="959">
		<subfield code="a">NNU</subfield>
		<subfield code="b">WEB</subfield>
		<subfield code="c">GENI</subfield>
		<subfield code="t">0</subfield>
		<subfield code="m">Electronic access</subfield>
		<subfield code="s">01</subfield>
	</datafield>
	<datafield ind1=" " ind2=" " tag="999">
		<subfield code="i">NNC_3071186</subfield>
		<subfield code="o">(OCoLC)ocm30927725</subfield>
		<subfield code="s">columbia_aco000493</subfield>
		<subfield code="e">(ERROR-880)</subfield>
		<subfield code="s">columbia_aco000493</subfield>
	</datafield>
</record>
